@article{kay,
  author  = "Richard Kay, Sarah Little",
  title   = "Transformations of the explanatory variables in the logistic regression model for binary data",
  journal = "Biometrika",
  year    = 1987,
  volume  = "74",
  number  = "3",
  pages   = "495--501"
}

@book{cook,
  title     = "Applied Regression Including Computing and Graphics",
  author    = "R.D. Cook and S. Weisberg",
  year      = 1999,
  publisher = "Wiley",
  address   = "New York"
}

@online{xgbImp,
    author = "Amjad Abu-Rmileh",
    title = "The Multiple faces of `Feature importance' in XGBoost",
    url  = "https://towardsdatascience.com/be-careful-when-interpreting-your-features-importance-in-xgboost-6e16132588e7",
    addendum = "(accessed: 03.10.2023)",
    keywords = "xgboost, feature, importance"
}


